@electronic{web:gm, title={Gold Miners}, url={http://steamcommunity.com/groups/GoldMiners}, year={2012}}
@electronic{web:nas, title ={North American Survivors}, url={http://steamcommunity.com/groups/NorthAmericanSurvivors}, year={2012}}
@electronic{web:gm_youtube, title={Gold Miners Youtube Channel}, url={http://www.youtube.com/user/biohazzardbob}, year={2012}}
@electronic{web:sv_stats, title={Survival Statistics}, url={http://tinyurl.com/guyguystats}, year={2012}}
@electronic{web:ventrilo, title={Ventrilo}, url={http://www.ventrilo.com/}, year={2012}}
@electronic{web:mumble, title={Mumble}, url={http://mumble.sourceforge.net/}, year={2012}}
@electronic{web:skype, title={Skype}, url={http://www.skype.com/intl/en-us/home}, year={2012}}
@electronic{web:teamspeak, title={Teamspeak}, url={http://www.teamspeak.com/}, year={2012}}
